@inproceedings{0,
title	= {BERT: Pre-training of Deep Bidirectional Transformers for Language Understanding},
author	= {Jacob Devlin and Ming-Wei Chang and Kenton Lee and Kristina N. Toutanova},
year	= {2018},
URL	= {https://arxiv.org/abs/1810.04805}
}

